@INPROCEEDINGS{8324237,
  author={Jiang, Zhengyao and Liang, Jinjun},
  booktitle={2017 Intelligent Systems Conference (IntelliSys)}, 
  title={Cryptocurrency portfolio management with deep reinforcement learning}, 
  year={2017},
  volume={},
  number={},
  pages={905-913},
  doi={10.1109/IntelliSys.2017.8324237}}