@INPROCEEDINGS{8324237,
  author={Jiang, Zhengyao and Liang, Jinjun},
  booktitle={2017 Intelligent Systems Conference (IntelliSys)}, 
  title={Cryptocurrency portfolio management with deep reinforcement learning}, 
  year={2017},
  volume={},
  number={},
  pages={905-913},
  doi={10.1109/IntelliSys.2017.8324237}}
  
@article{https://doi.org/10.48550/arxiv.2209.05559,
  doi = {10.48550/ARXIV.2209.05559},
  
  url = {https://arxiv.org/abs/2209.05559},
  
  author = {Gort, Berend Jelmer Dirk and Liu, Xiao-Yang and Sun, Xinghang and Gao, Jiechao and Chen, Shuaiyu and Wang, Christina Dan},
  
  keywords = {Statistical Finance (q-fin.ST), Artificial Intelligence (cs.AI), Machine Learning (cs.LG), FOS: Economics and business, FOS: Economics and business, FOS: Computer and information sciences, FOS: Computer and information sciences, I.2.6, 68T07,},
  
  title = {Deep Reinforcement Learning for Cryptocurrency Trading: Practical Approach to Address Backtest Overfitting},
  
  publisher = {arXiv},
  
  year = {2022},
  
  copyright = {arXiv.org perpetual, non-exclusive license}
}

@article{bailey2016probability,
  title={The probability of backtest overfitting},
  author={Bailey, David H and Borwein, Jonathan and Lopez de Prado, Marcos and Zhu, Qiji Jim},
  journal={Journal of Computational Finance, forthcoming},
  year={2016}
}